<?xml version="1.0" encoding="UTF-8"?><collection xmlns="http://www.loc.gov/MARC21/slim"><record><leader>00608nam--2200205-u-4500</leader><controlfield tag="001">000053023</controlfield><controlfield tag="002">20161230</controlfield><controlfield tag="005">20161230201050</controlfield><controlfield tag="008">110103s1000------------r-----000-0-eng-d</controlfield><datafield ind1=" " ind2=" " tag="020"><subfield code="a">0738200565</subfield></datafield><datafield ind1=" " ind2=" " tag="040"><subfield code="a">IFIN-HH</subfield></datafield><datafield ind1=" " ind2=" " tag="080"><subfield code="a">537.8:517.958:621.384.634</subfield></datafield><datafield ind1="1" ind2=" " tag="100"><subfield code="a">Schwinger,Julian</subfield></datafield><datafield ind1="1" ind2="0" tag="245"><subfield code="a">Classical electrodynamics</subfield><subfield code="c">Julian schwinger; lester l. deraad, jr.; kimball a. milton wu-yang tsai</subfield></datafield><datafield ind1=" " ind2=" " tag="260"><subfield code="a">Boulder, Colorado</subfield><subfield code="b">Westview Press</subfield><subfield code="c">1998</subfield></datafield><datafield ind1=" " ind2=" " tag="300"><subfield code="a">569P</subfield></datafield><datafield ind1=" " ind2=" " tag="490"><subfield code="a">The Advanced Book Program</subfield></datafield><datafield ind1="1" ind2=" " tag="700"><subfield code="a">Tsai, Wu-yang</subfield></datafield><datafield ind1=" " ind2=" " tag="852"><subfield code="a">81405</subfield><subfield code="c">537.538</subfield></datafield><datafield ind1=" " ind2=" " tag="CAT"><subfield code="a">Sys</subfield><subfield code="c">20110103</subfield><subfield code="h">113149</subfield></datafield></record></collection>